@book{soille2013morphological,
  title={Morphological image analysis: principles and applications},
  author={Soille, Pierre},
  year={2013},
  publisher={Springer Science \& Business Media}
}
@misc{beucher1979international,
  title={International Workshop on Image Processing: Real-time Edge and Motion Detection/Estimation},
  author={Beucher, S and Lantuejoul, C},
  year={1979},
  publisher={Rennes, France}
}