@online{noauthor_semantic_nodate,
	title = {Semantic Segmentation Basics - {MATLAB} \& Simulink},
	url = {https://www.mathworks.com/help/vision/ug/semantic-segmentation-basics.html},
	urldate = {2019-07-25}
}